@INPROCEEDINGS{Sarwar01item-basedcollaborative,
    author = {Badrul Sarwar and George Karypis and Joseph Konstan and John Riedl},
    title = {Item-based Collaborative Filtering Recommendation Algorithms},
    booktitle = {},
    year = {2001},
    pages = {285--295}
}
@inproceedings{SalakhutdinovM07PMF,
  author    = {Ruslan Salakhutdinov and
               Andriy Mnih},
  title     = {Probabilistic Matrix Factorization},
  booktitle = {Advances in Neural Information Processing Systems 20, Proceedings
               of the Twenty-First Annual Conference on Neural Information Processing
               Systems, Vancouver, British Columbia, Canada, December 3-6, 2007},
  pages     = {1257--1264},
  year      = {2007},
  crossref  = {DBLP:conf/nips/2007},
  url       = {http://papers.nips.cc/paper/3208-probabilistic-matrix-factorization},
  timestamp = {Thu, 11 Dec 2014 17:34:08 +0100},
  biburl    = {https://dblp.org/rec/bib/conf/nips/SalakhutdinovM07},
  bibsource = {dblp computer science bibliography, https://dblp.org}
}

@inproceedings{Koren08SVD++,
  author    = {Yehuda Koren},
  title     = {Factorization meets the neighborhood: a multifaceted collaborative
               filtering model},
  booktitle = {Proceedings of the 14th {ACM} {SIGKDD} International Conference on
               Knowledge Discovery and Data Mining, Las Vegas, Nevada, USA, August
               24-27, 2008},
  pages     = {426--434},
  year      = {2008},
  crossref  = {DBLP:conf/kdd/2008},
  url       = {http://doi.acm.org/10.1145/1401890.1401944},
  doi       = {10.1145/1401890.1401944},
  timestamp = {Mon, 14 May 2012 09:20:40 +0200},
  biburl    = {https://dblp.org/rec/bib/conf/kdd/Koren08},
  bibsource = {dblp computer science bibliography, https://dblp.org}
}

@inproceedings{Koren09TimeSVD,
  author    = {Yehuda Koren},
  title     = {Collaborative filtering with temporal dynamics},
  booktitle = {Proceedings of the 15th {ACM} {SIGKDD} International Conference on
               Knowledge Discovery and Data Mining, Paris, France, June 28 - July
               1, 2009},
  pages     = {447--456},
  year      = {2009},
  crossref  = {DBLP:conf/kdd/2009},
  url       = {http://doi.acm.org/10.1145/1557019.1557072},
  doi       = {10.1145/1557019.1557072},
  timestamp = {Tue, 18 Aug 2009 21:58:39 +0200},
  biburl    = {https://dblp.org/rec/bib/conf/kdd/Koren09},
  bibsource = {dblp computer science bibliography, https://dblp.org}
}

@inproceedings{HeLZNHC17NCF,
  author    = {Xiangnan He and
               Lizi Liao and
               Hanwang Zhang and
               Liqiang Nie and
               Xia Hu and
               Tat{-}Seng Chua},
  title     = {Neural Collaborative Filtering},
  booktitle = {Proceedings of the 26th International Conference on World Wide Web,
               {WWW} 2017, Perth, Australia, April 3-7, 2017},
  pages     = {173--182},
  year      = {2017},
  crossref  = {DBLP:conf/www/2017},
  url       = {http://doi.acm.org/10.1145/3038912.3052569},
  doi       = {10.1145/3038912.3052569},
  timestamp = {Mon, 10 Jul 2017 18:34:33 +0200},
  biburl    = {https://dblp.org/rec/bib/conf/www/HeLZNHC17},
  bibsource = {dblp computer science bibliography, https://dblp.org}
}

@inproceedings{GongZ16HashtagAttention,
  author    = {Yuyun Gong and
               Qi Zhang},
  title     = {Hashtag Recommendation Using Attention-Based Convolutional Neural
               Network},
  booktitle = {Proceedings of the Twenty-Fifth International Joint Conference on
               Artificial Intelligence, {IJCAI} 2016, New York, NY, USA, 9-15 July
               2016},
  pages     = {2782--2788},
  year      = {2016},
  crossref  = {DBLP:conf/ijcai/2016},
  url       = {http://www.ijcai.org/Abstract/16/395},
  timestamp = {Fri, 15 Jul 2016 15:58:28 +0200},
  biburl    = {https://dblp.org/rec/bib/conf/ijcai/GongZ16},
  bibsource = {dblp computer science bibliography, https://dblp.org}
}

@article{ChengKHSCAACCIA16Wide&Deep,
  author    = {Heng{-}Tze Cheng and
               Levent Koc and
               Jeremiah Harmsen and
               Tal Shaked and
               Tushar Chandra and
               Hrishi Aradhye and
               Glen Anderson and
               Greg Corrado and
               Wei Chai and
               Mustafa Ispir and
               Rohan Anil and
               Zakaria Haque and
               Lichan Hong and
               Vihan Jain and
               Xiaobing Liu and
               Hemal Shah},
  title     = {Wide {\&} Deep Learning for Recommender Systems},
  journal   = {CoRR},
  volume    = {abs/1606.07792},
  year      = {2016},
  url       = {http://arxiv.org/abs/1606.07792},
  archivePrefix = {arXiv},
  eprint    = {1606.07792},
  timestamp = {Tue, 31 Oct 2017 11:52:28 +0100},
  biburl    = {https://dblp.org/rec/bib/journals/corr/ChengKHSCAACCIA16},
  bibsource = {dblp computer science bibliography, https://dblp.org}
}


@article{Kim14fTextCNN,
  author    = {Yoon Kim},
  title     = {Convolutional Neural Networks for Sentence Classification},
  journal   = {CoRR},
  volume    = {abs/1408.5882},
  year      = {2014},
  url       = {http://arxiv.org/abs/1408.5882},
  archivePrefix = {arXiv},
  eprint    = {1408.5882},
  timestamp = {Wed, 07 Jun 2017 14:40:07 +0200},
  biburl    = {https://dblp.org/rec/bib/journals/corr/Kim14f},
  bibsource = {dblp computer science bibliography, https://dblp.org}
}

