@article{ZhangYS17aaSurveyPerspect,
  author    = {Shuai Zhang and
               Lina Yao and
               Aixin Sun},
  title     = {Deep Learning based Recommender System: {A} Survey and New Perspectives},
  journal   = {CoRR},
  volume    = {abs/1707.07435},
  year      = {2017},
  url       = {http://arxiv.org/abs/1707.07435},
  archivePrefix = {arXiv},
  eprint    = {1707.07435},
  timestamp = {Tue, 08 Aug 2017 13:30:53 +0200},
  biburl    = {https://dblp.org/rec/bib/journals/corr/ZhangYS17aa},
  bibsource = {dblp computer science bibliography, https://dblp.org}
}
@inproceedings{WangB11CTM,
  author    = {Chong Wang and
               David M. Blei},
  title     = {Collaborative topic modeling for recommending scientific articles},
  booktitle = {Proceedings of the 17th {ACM} {SIGKDD} International Conference on
               Knowledge Discovery and Data Mining, San Diego, CA, USA, August 21-24,
               2011},
  pages     = {448--456},
  year      = {2011},
  crossref  = {DBLP:conf/kdd/2011},
  url       = {http://doi.acm.org/10.1145/2020408.2020480},
  doi       = {10.1145/2020408.2020480},
  timestamp = {Wed, 24 Jan 2018 11:42:57 +0100},
  biburl    = {https://dblp.org/rec/bib/conf/kdd/WangB11},
  bibsource = {dblp computer science bibliography, https://dblp.org}
}

@inproceedings{MnihH07LBL,
  author    = {Andriy Mnih and
               Geoffrey E. Hinton},
  title     = {Three new graphical models for statistical language modelling},
  booktitle = {Machine Learning, Proceedings of the Twenty-Fourth International Conference
               {(ICML} 2007), Corvallis, Oregon, USA, June 20-24, 2007},
  pages     = {641--648},
  year      = {2007},
  crossref  = {DBLP:conf/icml/2007},
  url       = {http://doi.acm.org/10.1145/1273496.1273577},
  doi       = {10.1145/1273496.1273577},
  timestamp = {Fri, 01 Jul 2011 12:24:37 +0200},
  biburl    = {https://dblp.org/rec/bib/conf/icml/MnihH07},
  bibsource = {dblp computer science bibliography, https://dblp.org}
}

@inproceedings{OkuraTOT17NewsRecRNN,
  author    = {Shumpei Okura and
               Yukihiro Tagami and
               Shingo Ono and
               Akira Tajima},
  title     = {Embedding-based News Recommendation for Millions of Users},
  booktitle = {Proceedings of the 23rd {ACM} {SIGKDD} International Conference on
               Knowledge Discovery and Data Mining, Halifax, NS, Canada, August 13
               - 17, 2017},
  pages     = {1933--1942},
  year      = {2017},
  crossref  = {DBLP:conf/kdd/2017},
  url       = {http://doi.acm.org/10.1145/3097983.3098108},
  doi       = {10.1145/3097983.3098108},
  timestamp = {Tue, 15 Aug 2017 16:11:01 +0200},
  biburl    = {https://dblp.org/rec/bib/conf/kdd/OkuraTOT17},
  bibsource = {dblp computer science bibliography, https://dblp.org}
}

@article{LiuWW17RLBL,
  author    = {Qiang Liu and
               Shu Wu and
               Liang Wang},
  title     = {Multi-Behavioral Sequential Prediction with Recurrent Log-Bilinear
               Model},
  journal   = {{IEEE} Trans. Knowl. Data Eng.},
  volume    = {29},
  number    = {6},
  pages     = {1254--1267},
  year      = {2017},
  url       = {https://doi.org/10.1109/TKDE.2017.2661760},
  doi       = {10.1109/TKDE.2017.2661760},
  timestamp = {Wed, 25 Oct 2017 16:45:47 +0200},
  biburl    = {https://dblp.org/rec/bib/journals/tkde/LiuWW17},
  bibsource = {dblp computer science bibliography, https://dblp.org}
}
@article{HeJieYue,
author = {He, J.-Y and Ma, B},
year = {2016},
month = {01},
pages = {183-195},
title = {Based on real-valued conditional restricted Boltzmann machine and social network for collaborative filtering},
volume = {39}
}
@inproceedings{GeorgievN13NONIID,
  author    = {Kostadin Georgiev and
               Preslav Nakov},
  title     = {A non-IID Framework for Collaborative Filtering with Restricted Boltzmann
               Machines},
  booktitle = {Proceedings of the 30th International Conference on Machine Learning,
               {ICML} 2013, Atlanta, GA, USA, 16-21 June 2013},
  pages     = {1148--1156},
  year      = {2013},
  crossref  = {DBLP:conf/icml/2013},
  url       = {http://jmlr.org/proceedings/papers/v28/georgiev13.html},
  timestamp = {Wed, 29 Mar 2017 16:45:25 +0200},
  biburl    = {https://dblp.org/rec/bib/conf/icml/GeorgievN13},
  bibsource = {dblp computer science bibliography, https://dblp.org}
}
@inproceedings{CFSDAE,
  TITLE = {{Collaborative Filtering with Stacked Denoising AutoEncoders and Sparse Inputs}},
  AUTHOR = {Strub, Florian and Mary, J{\'e}r{\'e}mie},
  URL = {https://hal.inria.fr/hal-01256422},
  BOOKTITLE = {{NIPS Workshop on Machine Learning for eCommerce}},
  ADDRESS = {Montreal, Canada},
  YEAR = {2015},
  MONTH = Dec,
  PDF = {https://hal.inria.fr/hal-01256422/file/Collaborative%20Filtering%20with%20Stacked%20Denoising%20AutoEncoders%20and%20Sparse%20Inputs.pdf},
  HAL_ID = {hal-01256422},
  HAL_VERSION = {v1},
}
@inproceedings{SedhainMSX15AECF,
  author    = {Suvash Sedhain and
               Aditya Krishna Menon and
               Scott Sanner and
               Lexing Xie},
  title     = {AutoRec: Autoencoders Meet Collaborative Filtering},
  booktitle = {Proceedings of the 24th International Conference on World Wide Web
               Companion, {WWW} 2015, Florence, Italy, May 18-22, 2015 - Companion
               Volume},
  pages     = {111--112},
  year      = {2015},
  crossref  = {DBLP:conf/www/2015c},
  url       = {http://doi.acm.org/10.1145/2740908.2742726},
  doi       = {10.1145/2740908.2742726},
  timestamp = {Mon, 25 May 2015 18:38:50 +0200},
  biburl    = {https://dblp.org/rec/bib/conf/www/SedhainMSX15},
  bibsource = {dblp computer science bibliography, https://dblp.org}
}
@inproceedings{WuDZE16CDAE,
  author    = {Yao Wu and
               Christopher DuBois and
               Alice X. Zheng and
               Martin Ester},
  title     = {Collaborative Denoising Auto-Encoders for Top-N Recommender Systems},
  booktitle = {Proceedings of the Ninth {ACM} International Conference on Web Search
               and Data Mining, San Francisco, CA, USA, February 22-25, 2016},
  pages     = {153--162},
  year      = {2016},
  crossref  = {DBLP:conf/wsdm/2016},
  url       = {http://doi.acm.org/10.1145/2835776.2835837},
  doi       = {10.1145/2835776.2835837},
  timestamp = {Mon, 08 Feb 2016 15:38:27 +0100},
  biburl    = {https://dblp.org/rec/bib/conf/wsdm/WuDZE16},
  bibsource = {dblp computer science bibliography, https://dblp.org}
}

@inproceedings{SalakhutdinovMH07RBM,
  author    = {Ruslan Salakhutdinov and
               Andriy Mnih and
               Geoffrey E. Hinton},
  title     = {Restricted Boltzmann machines for collaborative filtering},
  booktitle = {Machine Learning, Proceedings of the Twenty-Fourth International Conference
               {(ICML} 2007), Corvallis, Oregon, USA, June 20-24, 2007},
  pages     = {791--798},
  year      = {2007},
  crossref  = {DBLP:conf/icml/2007},
  url       = {http://doi.acm.org/10.1145/1273496.1273596},
  doi       = {10.1145/1273496.1273596},
  timestamp = {Fri, 01 Jul 2011 12:24:37 +0200},
  biburl    = {https://dblp.org/rec/bib/conf/icml/SalakhutdinovMH07},
  bibsource = {dblp computer science bibliography, https://dblp.org}
}
@inproceedings{LiLJZ16HashtagRNN,
  author    = {Yang Li and
               Ting Liu and
               Jing Jiang and
               Liang Zhang},
  title     = {Hashtag Recommendation with Topical Attention-Based {LSTM}},
  booktitle = {{COLING} 2016, 26th International Conference on Computational Linguistics,
               Proceedings of the Conference: Technical Papers, December 11-16, 2016,
               Osaka, Japan},
  pages     = {3019--3029},
  year      = {2016},
  crossref  = {DBLP:conf/coling/2016},
  url       = {http://aclweb.org/anthology/C/C16/C16-1284.pdf},
  timestamp = {Tue, 16 Jan 2018 17:41:35 +0100},
  biburl    = {https://dblp.org/rec/bib/conf/coling/LiLJZ16},
  bibsource = {dblp computer science bibliography, https://dblp.org}
}
@inproceedings{OordDS13MusicRec,
  author    = {Aaron van den Oord and
               Sander Dieleman and
               Benjamin Schrauwen},
  title     = {Deep content-based music recommendation},
  booktitle = {Advances in Neural Information Processing Systems 26: 27th Annual
               Conference on Neural Information Processing Systems 2013. Proceedings
               of a meeting held December 5-8, 2013, Lake Tahoe, Nevada, United States.},
  pages     = {2643--2651},
  year      = {2013},
  crossref  = {DBLP:conf/nips/2013},
  url       = {http://papers.nips.cc/paper/5004-deep-content-based-music-recommendation},
  timestamp = {Tue, 12 Jul 2016 21:51:13 +0200},
  biburl    = {https://dblp.org/rec/bib/conf/nips/OordDS13},
  bibsource = {dblp computer science bibliography, https://dblp.org}
}

@inproceedings{WangYRTZYW17ArticleRec,
  author    = {Xuejian Wang and
               Lantao Yu and
               Kan Ren and
               Guanyu Tao and
               Weinan Zhang and
               Yong Yu and
               Jun Wang},
  title     = {Dynamic Attention Deep Model for Article Recommendation by Learning
               Human Editors' Demonstration},
  booktitle = {Proceedings of the 23rd {ACM} {SIGKDD} International Conference on
               Knowledge Discovery and Data Mining, Halifax, NS, Canada, August 13
               - 17, 2017},
  pages     = {2051--2059},
  year      = {2017},
  crossref  = {DBLP:conf/kdd/2017},
  url       = {http://doi.acm.org/10.1145/3097983.3098096},
  doi       = {10.1145/3097983.3098096},
  timestamp = {Wed, 21 Feb 2018 00:53:31 +0100},
  biburl    = {https://dblp.org/rec/bib/conf/kdd/WangYRTZYW17},
  bibsource = {dblp computer science bibliography, https://dblp.org}
}

@inproceedings{ZhangWHHG17HashtagMulti,
  author    = {Qi Zhang and
               Jiawen Wang and
               Haoran Huang and
               Xuanjing Huang and
               Yeyun Gong},
  title     = {Hashtag Recommendation for Multimodal Microblog Using Co-Attention
               Network},
  booktitle = {Proceedings of the Twenty-Sixth International Joint Conference on
               Artificial Intelligence, {IJCAI} 2017, Melbourne, Australia, August
               19-25, 2017},
  pages     = {3420--3426},
  year      = {2017},
  crossref  = {DBLP:conf/ijcai/2017},
  url       = {https://doi.org/10.24963/ijcai.2017/478},
  doi       = {10.24963/ijcai.2017/478},
  timestamp = {Fri, 26 Jan 2018 10:47:50 +0100},
  biburl    = {https://dblp.org/rec/bib/conf/ijcai/ZhangWHHG17},
  bibsource = {dblp computer science bibliography, https://dblp.org}
}
@inproceedings{GongZ16HashtagAttention,
  author    = {Yuyun Gong and
               Qi Zhang},
  title     = {Hashtag Recommendation Using Attention-Based Convolutional Neural
               Network},
  booktitle = {Proceedings of the Twenty-Fifth International Joint Conference on
               Artificial Intelligence, {IJCAI} 2016, New York, NY, USA, 9-15 July
               2016},
  pages     = {2782--2788},
  year      = {2016},
  crossref  = {DBLP:conf/ijcai/2016},
  url       = {http://www.ijcai.org/Abstract/16/395},
  timestamp = {Fri, 15 Jul 2016 15:58:28 +0200},
  biburl    = {https://dblp.org/rec/bib/conf/ijcai/GongZ16},
  bibsource = {dblp computer science bibliography, https://dblp.org}
}

@article{abs-1708-05031NCF,
  author    = {Xiangnan He and
               Lizi Liao and
               Hanwang Zhang and
               Liqiang Nie and
               Xia Hu and
               Tat{-}Seng Chua},
  title     = {Neural Collaborative Filtering},
  journal   = {CoRR},
  volume    = {abs/1708.05031},
  year      = {2017},
  url       = {http://arxiv.org/abs/1708.05031},
  archivePrefix = {arXiv},
  eprint    = {1708.05031},
  timestamp = {Tue, 05 Sep 2017 10:03:46 +0200},
  biburl    = {https://dblp.org/rec/bib/journals/corr/abs-1708-05031},
  bibsource = {dblp computer science bibliography, https://dblp.org}
}

@inproceedings{TruyenPV09BMCF,
  author    = {Tran The Truyen and
               Dinh Q. Phung and
               Svetha Venkatesh},
  title     = {Ordinal Boltzmann Machines for Collaborative Filtering},
  booktitle = {{UAI} 2009, Proceedings of the Twenty-Fifth Conference on Uncertainty
               in Artificial Intelligence, Montreal, QC, Canada, June 18-21, 2009},
  pages     = {548--556},
  year      = {2009},
  crossref  = {DBLP:conf/uai/2009},
  url       = {https://dslpitt.org/uai/displayArticleDetails.jsp?mmnu=1&smnu=2&article_id=1595&proceeding_id=25},
  timestamp = {Wed, 06 May 2015 15:02:56 +0200},
  biburl    = {https://dblp.org/rec/bib/conf/uai/TruyenPV09},
  bibsource = {dblp computer science bibliography, https://dblp.org}
}
@inproceedings{MelloZS07aRBMCF,
  author    = {Carlos Eduardo R. de Mello and
               Geraldo Zimbr{\~{a}}o and
               Jano Moreira de Souza},
  title     = {Extens{\~{a}}o do {WEKA} para M{\'{e}}todos de Agrupamento com
               Restri{\c{c}}{\~{a}}o de Contig{\"{u}}idade do Rio de Janeiro},
  booktitle = {{IX} Brazilian Symposium on Geoinformatics, 25-28 November, Campos
               do Jord{\~{a}}o, S{\~{a}}o Paulo, Brazil},
  pages     = {277--282},
  year      = {2007},
  crossref  = {DBLP:conf/geoinfo/2007},
  url       = {http://www.geoinfo.info/geoinfo2007/papers/S7P3.pdf},
  timestamp = {Thu, 24 Jan 2008 09:27:16 +0100},
  biburl    = {https://dblp.org/rec/bib/conf/geoinfo/MelloZS07a},
  bibsource = {dblp computer science bibliography, https://dblp.org}
}
@inproceedings{0014SY16CRA,
  author    = {Hao Wang and
               Xingjian Shi and
               Dit{-}Yan Yeung},
  title     = {Collaborative Recurrent Autoencoder: Recommend while Learning to Fill
               in the Blanks},
  booktitle = {Advances in Neural Information Processing Systems 29: Annual Conference
               on Neural Information Processing Systems 2016, December 5-10, 2016,
               Barcelona, Spain},
  pages     = {415--423},
  year      = {2016},
  crossref  = {DBLP:conf/nips/2016},
  url       = {http://papers.nips.cc/paper/6163-collaborative-recurrent-autoencoder-recommend-while-learning-to-fill-in-the-blanks},
  timestamp = {Fri, 03 Mar 2017 14:59:41 +0100},
  biburl    = {https://dblp.org/rec/bib/conf/nips/0014SY16},
  bibsource = {dblp computer science bibliography, https://dblp.org}
}

@inproceedings{SongEH16DL4TR,
  author    = {Yang Song and
               Ali Mamdouh Elkahky and
               Xiaodong He},
  title     = {Multi-Rate Deep Learning for Temporal Recommendation},
  booktitle = {Proceedings of the 39th International {ACM} {SIGIR} conference on
               Research and Development in Information Retrieval, {SIGIR} 2016, Pisa,
               Italy, July 17-21, 2016},
  pages     = {909--912},
  year      = {2016},
  crossref  = {DBLP:conf/sigir/2016},
  url       = {http://doi.acm.org/10.1145/2911451.2914726},
  doi       = {10.1145/2911451.2914726},
  timestamp = {Thu, 14 Jul 2016 19:46:27 +0200},
  biburl    = {https://dblp.org/rec/bib/conf/sigir/SongEH16},
  bibsource = {dblp computer science bibliography, https://dblp.org}
}
@inproceedings{WuABSJ17RRN,
  author    = {Chao{-}Yuan Wu and
               Amr Ahmed and
               Alex Beutel and
               Alexander J. Smola and
               How Jing},
  title     = {Recurrent Recommender Networks},
  booktitle = {Proceedings of the Tenth {ACM} International Conference on Web Search
               and Data Mining, {WSDM} 2017, Cambridge, United Kingdom, February
               6-10, 2017},
  pages     = {495--503},
  year      = {2017},
  crossref  = {DBLP:conf/wsdm/2017},
  url       = {http://dl.acm.org/citation.cfm?id=3018689},
  timestamp = {Fri, 03 Feb 2017 13:47:16 +0100},
  biburl    = {https://dblp.org/rec/bib/conf/wsdm/WuABSJ17},
  bibsource = {dblp computer science bibliography, https://dblp.org}
}
@article{ChoMBB14GRU,
  author    = {KyungHyun Cho and
               Bart van Merrienboer and
               Dzmitry Bahdanau and
               Yoshua Bengio},
  title     = {On the Properties of Neural Machine Translation: Encoder-Decoder Approaches},
  journal   = {CoRR},
  volume    = {abs/1409.1259},
  year      = {2014},
  url       = {http://arxiv.org/abs/1409.1259},
  archivePrefix = {arXiv},
  eprint    = {1409.1259},
  timestamp = {Wed, 07 Jun 2017 14:42:33 +0200},
  biburl    = {https://dblp.org/rec/bib/journals/corr/ChoMBB14},
  bibsource = {dblp computer science bibliography, https://dblp.org}
}
@article{HochreiterS97LSTM,
  author    = {Sepp Hochreiter and
               J{\"{u}}rgen Schmidhuber},
  title     = {Long Short-Term Memory},
  journal   = {Neural Computation},
  volume    = {9},
  number    = {8},
  pages     = {1735--1780},
  year      = {1997},
  url       = {https://doi.org/10.1162/neco.1997.9.8.1735},
  doi       = {10.1162/neco.1997.9.8.1735},
  timestamp = {Sun, 28 May 2017 13:19:00 +0200},
  biburl    = {https://dblp.org/rec/bib/journals/neco/HochreiterS97},
  bibsource = {dblp computer science bibliography, https://dblp.org}
}

@inproceedings{GengZBC15IMAGE,
  author    = {Xue Geng and
               Hanwang Zhang and
               Jingwen Bian and
               Tat{-}Seng Chua},
  title     = {Learning Image and User Features for Recommendation in Social Networks},
  booktitle = {2015 {IEEE} International Conference on Computer Vision, {ICCV} 2015,
               Santiago, Chile, December 7-13, 2015},
  pages     = {4274--4282},
  year      = {2015},
  crossref  = {DBLP:conf/iccv/2015},
  url       = {https://doi.org/10.1109/ICCV.2015.486},
  doi       = {10.1109/ICCV.2015.486},
  timestamp = {Wed, 24 May 2017 08:31:04 +0200},
  biburl    = {https://dblp.org/rec/bib/conf/iccv/GengZBC15},
  bibsource = {dblp computer science bibliography, https://dblp.org}
}

@inproceedings{VincentLBM08Bengio,
  author    = {Pascal Vincent and
               Hugo Larochelle and
               Yoshua Bengio and
               Pierre{-}Antoine Manzagol},
  title     = {Extracting and composing robust features with denoising autoencoders},
  booktitle = {Machine Learning, Proceedings of the Twenty-Fifth International Conference
               {(ICML} 2008), Helsinki, Finland, June 5-9, 2008},
  pages     = {1096--1103},
  year      = {2008},
  crossref  = {DBLP:conf/icml/2008},
  url       = {http://doi.acm.org/10.1145/1390156.1390294},
  doi       = {10.1145/1390156.1390294},
  timestamp = {Thu, 14 Aug 2008 13:58:39 +0200},
  biburl    = {https://dblp.org/rec/bib/conf/icml/VincentLBM08},
  bibsource = {dblp computer science bibliography, https://dblp.org}
}
@inproceedings{WangSY15SDAE,
  author    = {Hao Wang and
               Xingjian Shi and
               Dit{-}Yan Yeung},
  title     = {Relational Stacked Denoising Autoencoder for Tag Recommendation},
  booktitle = {Proceedings of the Twenty-Ninth {AAAI} Conference on Artificial Intelligence,
               January 25-30, 2015, Austin, Texas, {USA.}},
  pages     = {3052--3058},
  year      = {2015},
  crossref  = {DBLP:conf/aaai/2015},
  url       = {http://www.aaai.org/ocs/index.php/AAAI/AAAI15/paper/view/9350},
  timestamp = {Thu, 14 Jul 2016 18:55:33 +0200},
  biburl    = {https://dblp.org/rec/bib/conf/aaai/WangSY15},
  bibsource = {dblp computer science bibliography, https://dblp.org}
}
@article{abs-1801-07883DLS,
  author    = {Lei Zhang and
               Shuai Wang and
               Bing Liu},
  title     = {Deep Learning for Sentiment Analysis : {A} Survey},
  journal   = {CoRR},
  volume    = {abs/1801.07883},
  year      = {2018},
  url       = {http://arxiv.org/abs/1801.07883},
  archivePrefix = {arXiv},
  eprint    = {1801.07883},
  timestamp = {Thu, 22 Mar 2018 11:13:48 +0100},
  biburl    = {https://dblp.org/rec/bib/journals/corr/abs-1801-07883},
  bibsource = {dblp computer science bibliography, https://dblp.org}
}
@inproceedings{ZhangYLXM16CKBE,
  author    = {Fuzheng Zhang and
               Nicholas Jing Yuan and
               Defu Lian and
               Xing Xie and
               Wei{-}Ying Ma},
  title     = {Collaborative Knowledge Base Embedding for Recommender Systems},
  booktitle = {Proceedings of the 22nd {ACM} {SIGKDD} International Conference on
               Knowledge Discovery and Data Mining, San Francisco, CA, USA, August
               13-17, 2016},
  pages     = {353--362},
  year      = {2016},
  crossref  = {DBLP:conf/kdd/2016},
  url       = {http://doi.acm.org/10.1145/2939672.2939673},
  doi       = {10.1145/2939672.2939673},
  timestamp = {Tue, 15 Aug 2017 18:11:49 +0200},
  biburl    = {https://dblp.org/rec/bib/conf/kdd/ZhangYLXM16},
  bibsource = {dblp computer science bibliography, https://dblp.org}
}

@inproceedings{WangWY15CDL,
  author    = {Hao Wang and
               Naiyan Wang and
               Dit{-}Yan Yeung},
  title     = {Collaborative Deep Learning for Recommender Systems},
  booktitle = {Proceedings of the 21th {ACM} {SIGKDD} International Conference on
               Knowledge Discovery and Data Mining, Sydney, NSW, Australia, August
               10-13, 2015},
  pages     = {1235--1244},
  year      = {2015},
  crossref  = {DBLP:conf/kdd/2015},
  url       = {http://doi.acm.org/10.1145/2783258.2783273},
  doi       = {10.1145/2783258.2783273},
  timestamp = {Thu, 14 Jul 2016 18:55:32 +0200},
  biburl    = {https://dblp.org/rec/bib/conf/kdd/WangWY15},
  bibsource = {dblp computer science bibliography, https://dblp.org}
}
@article{VerbertMOWDBD12ContextAware,
  author    = {Katrien Verbert and
               Nikos Manouselis and
               Xavier Ochoa and
               Martin Wolpers and
               Hendrik Drachsler and
               Ivana Bosnic and
               Erik Duval},
  title     = {Context-Aware Recommender Systems for Learning: {A} Survey and Future
               Challenges},
  journal   = {{TLT}},
  volume    = {5},
  number    = {4},
  pages     = {318--335},
  year      = {2012},
  url       = {https://doi.org/10.1109/TLT.2012.11},
  doi       = {10.1109/TLT.2012.11},
  timestamp = {Thu, 15 Jun 2017 21:29:17 +0200},
  biburl    = {https://dblp.org/rec/bib/journals/tlt/VerbertMOWDBD12},
  bibsource = {dblp computer science bibliography, https://dblp.org}
}

@article{SuK09SurveyCF,
  author    = {Xiaoyuan Su and
               Taghi M. Khoshgoftaar},
  title     = {A Survey of Collaborative Filtering Techniques},
  journal   = {Adv. Artificial Intellegence},
  volume    = {2009},
  pages     = {421425:1--421425:19},
  year      = {2009},
  url       = {https://doi.org/10.1155/2009/421425},
  doi       = {10.1155/2009/421425},
  timestamp = {Fri, 26 May 2017 22:54:58 +0200},
  biburl    = {https://dblp.org/rec/bib/journals/advai/SuK09},
  bibsource = {dblp computer science bibliography, https://dblp.org}
}

@article{PengZZXHLZHG17Cross-Media,
  author    = {Yuxin Peng and
               Wenwu Zhu and
               Yao Zhao and
               Changsheng Xu and
               Qingming Huang and
               Hanqing Lu and
               Qing{-}Hua Zheng and
               Tiejun Huang and
               Wen Gao},
  title     = {Cross-media analysis and reasoning: advances and directions},
  journal   = {Frontiers of {IT} {\&} {EE}},
  volume    = {18},
  number    = {1},
  pages     = {44--57},
  year      = {2017},
  url       = {https://doi.org/10.1631/FITEE.1601787},
  doi       = {10.1631/FITEE.1601787},
  timestamp = {Mon, 15 Jan 2018 08:55:59 +0100},
  biburl    = {https://dblp.org/rec/bib/journals/jzusc/PengZZXHLZHG17},
  bibsource = {dblp computer science bibliography, https://dblp.org}
}

@article{DengY14DLMA,
  author    = {Li Deng and
               Dong Yu},
  title     = {Deep Learning: Methods and Applications},
  journal   = {Foundations and Trends in Signal Processing},
  volume    = {7},
  number    = {3-4},
  pages     = {197--387},
  year      = {2014},
  url       = {https://doi.org/10.1561/2000000039},
  doi       = {10.1561/2000000039},
  timestamp = {Thu, 18 May 2017 09:52:05 +0200},
  biburl    = {https://dblp.org/rec/bib/journals/ftsig/DengY14},
  bibsource = {dblp computer science bibliography, https://dblp.org}
}

@inproceedings{OkuraTOT17Embedding,
  author    = {Shumpei Okura and
               Yukihiro Tagami and
               Shingo Ono and
               Akira Tajima},
  title     = {Embedding-based News Recommendation for Millions of Users},
  booktitle = {Proceedings of the 23rd {ACM} {SIGKDD} International Conference on
               Knowledge Discovery and Data Mining, Halifax, NS, Canada, August 13
               - 17, 2017},
  pages     = {1933--1942},
  year      = {2017},
  crossref  = {DBLP:conf/kdd/2017},
  url       = {http://doi.acm.org/10.1145/3097983.3098108},
  doi       = {10.1145/3097983.3098108},
  timestamp = {Tue, 15 Aug 2017 16:11:01 +0200},
  biburl    = {https://dblp.org/rec/bib/conf/kdd/OkuraTOT17},
  bibsource = {dblp computer science bibliography, https://dblp.org}
}

@inproceedings{DavidsonLLNVGGHLLS10Youtube,
  author    = {James Davidson and
               Benjamin Liebald and
               Junning Liu and
               Palash Nandy and
               Taylor Van Vleet and
               Ullas Gargi and
               Sujoy Gupta and
               Yu He and
               Mike Lambert and
               Blake Livingston and
               Dasarathi Sampath},
  title     = {The YouTube video recommendation system},
  booktitle = {Proceedings of the 2010 {ACM} Conference on Recommender Systems, RecSys
               2010, Barcelona, Spain, September 26-30, 2010},
  pages     = {293--296},
  year      = {2010},
  crossref  = {DBLP:conf/recsys/2010},
  url       = {http://doi.acm.org/10.1145/1864708.1864770},
  doi       = {10.1145/1864708.1864770},
  timestamp = {Wed, 01 Dec 2010 21:04:22 +0100},
  biburl    = {https://dblp.org/rec/bib/conf/recsys/DavidsonLLNVGGHLLS10},
  bibsource = {dblp computer science bibliography, https://dblp.org}
}

@article{ChengKHSCAACCIA16Wide&Deep,
  author    = {Heng{-}Tze Cheng and
               Levent Koc and
               Jeremiah Harmsen and
               Tal Shaked and
               Tushar Chandra and
               Hrishi Aradhye and
               Glen Anderson and
               Greg Corrado and
               Wei Chai and
               Mustafa Ispir and
               Rohan Anil and
               Zakaria Haque and
               Lichan Hong and
               Vihan Jain and
               Xiaobing Liu and
               Hemal Shah},
  title     = {Wide {\&} Deep Learning for Recommender Systems},
  journal   = {CoRR},
  volume    = {abs/1606.07792},
  year      = {2016},
  url       = {http://arxiv.org/abs/1606.07792},
  archivePrefix = {arXiv},
  eprint    = {1606.07792},
  timestamp = {Tue, 31 Oct 2017 11:52:28 +0100},
  biburl    = {https://dblp.org/rec/bib/journals/corr/ChengKHSCAACCIA16},
  bibsource = {dblp computer science bibliography, https://dblp.org}
}

@article{Gomez-UribeH16Netflix,
  author    = {Carlos A. Gomez{-}Uribe and
               Neil Hunt},
  title     = {The Netflix Recommender System: Algorithms, Business Value, and Innovation},
  journal   = {{ACM} Trans. Management Inf. Syst.},
  volume    = {6},
  number    = {4},
  pages     = {13:1--13:19},
  year      = {2016},
  url       = {http://doi.acm.org/10.1145/2843948},
  doi       = {10.1145/2843948},
  timestamp = {Tue, 03 Jan 2017 11:31:26 +0100},
  biburl    = {https://dblp.org/rec/bib/journals/tmis/Gomez-UribeH16},
  bibsource = {dblp computer science bibliography, https://dblp.org}
}

@inproceedings{CovingtonAS16YouTube,
  author    = {Paul Covington and
               Jay Adams and
               Emre Sargin},
  title     = {Deep Neural Networks for YouTube Recommendations},
  booktitle = {Proceedings of the 10th {ACM} Conference on Recommender Systems, Boston,
               MA, USA, September 15-19, 2016},
  pages     = {191--198},
  year      = {2016},
  crossref  = {DBLP:conf/recsys/2016},
  url       = {http://doi.acm.org/10.1145/2959100.2959190},
  doi       = {10.1145/2959100.2959190},
  timestamp = {Wed, 07 Sep 2016 13:57:35 +0200},
  biburl    = {https://dblp.org/rec/bib/conf/recsys/CovingtonAS16},
  bibsource = {dblp computer science bibliography, https://dblp.org}
}

@inproceedings{VargasC11Rank,
  author    = {Saul Vargas and
               Pablo Castells},
  title     = {Rank and relevance in novelty and diversity metrics for recommender
               systems},
  booktitle = {Proceedings of the 2011 {ACM} Conference on Recommender Systems, RecSys
               2011, Chicago, IL, USA, October 23-27, 2011},
  pages     = {109--116},
  year      = {2011},
}

@inproceedings{McNeeRK06Being,
  author    = {Sean M. McNee and
               John Riedl and
               Joseph A. Konstan},
  title     = {Being accurate is not enough: how accuracy metrics have hurt recommender
               systems},
  booktitle = {Extended Abstracts Proceedings of the 2006 Conference on Human Factors
               in Computing Systems, {CHI} 2006, Montr{\'{e}}al, Qu{\'{e}}bec,
               Canada, April 22-27, 2006},
  pages     = {1097--1101},
  year      = {2006},
}

@inproceedings{VekariyaK12Hybrid,
  author    = {Vipul Vekariya and
               G. R. Kulkarni},
  title     = {Hybrid recommender systems: Survey and experiments},
  booktitle = {2012 Second International Conference on Digital Information and Communication
               Technology and it's Applications (DICTAP), Bangkok, Thailand, May
               16-18, 2012},
  pages     = {469--473},
  year      = {2012},
}

@article{AdomaviciusT05,
  author    = {Gediminas Adomavicius and
  Alexander Tuzhilin},
  title     = {Toward the Next Generation of Recommender Systems: {A} Survey of the State-of-the-Art and Possible Extensions},
  journal   = {{IEEE} Trans. Knowl. Data Eng.},
  volume    = {17},
  number    = {6},
  pages     = {734--749},
  year      = {2005},
}





